@article{AggarwalV88,
author = {Alok Aggarwal and Jeffrey Scott Vitter},
title = {The Input/Output Complexity of Sorting and Related Problems},
journal = {Communications of the ACM},
year = {1988},
OPTkey = {},
volume = {31},
number = {9},
pages = {1116-1127},
OPTmonth = {September},
OPTnote = {},
OPTannote = {}
}


@TECHREPORT{sp:RR0324,
    AUTHOR = "C. Andr\'e",
    TITLE = {Semantics of SyncCharts},
    YEAR = {2003},
    INSTITUTION = "I3S Laboratory",
    MONTH = {April},
    ADDRESS = {Sophia-Antipolis, France},
    NUMBER = {ISRN I3S/RR--2003--24--FR}
    }


